<record><leader>00000cas a2200000 a 4500</leader><controlfield tag="001">15112537</controlfield><controlfield tag="008">870126d19121923inuwr ne      0    0eng c</controlfield><datafield ind1=" " ind2=" " tag="010"><subfield code="a">sn 87055100 </subfield></datafield><datafield ind1=" " ind2=" " tag="040"><subfield code="a">NPI</subfield><subfield code="b">eng</subfield><subfield code="c">NPI</subfield><subfield code="d">OCLCQ</subfield><subfield code="d">IUL</subfield><subfield code="d">OCLCF</subfield></datafield><datafield ind1=" " ind2=" " tag="042"><subfield code="a">pcc</subfield></datafield><datafield ind1=" " ind2=" " tag="043"><subfield code="a">n-us-in</subfield></datafield><datafield ind1="0" ind2=" " tag="130"><subfield code="a">Rochester weekly Republican (Rochester, Ind. : 1912)</subfield></datafield><datafield ind1="1" ind2="0" tag="245"><subfield code="a">Rochester weekly Republican.</subfield></datafield><datafield ind1=" " ind2=" " tag="260"><subfield code="a">Rochester, Fulton County, Ind. :</subfield><subfield code="b">Albert W. Bitters,</subfield><subfield code="c">1912-</subfield></datafield><datafield ind1=" " ind2=" " tag="300"><subfield code="a">volumes</subfield></datafield><datafield ind1=" " ind2=" " tag="310"><subfield code="a">Weekly</subfield></datafield><datafield ind1="0" ind2=" " tag="362"><subfield code="a">Vol. 56 (Jan. 4, 1912)-</subfield></datafield><datafield ind1="1" ind2=" " tag="362"><subfield code="a">Ceased in 1923?</subfield></datafield><datafield ind1=" " ind2=" " tag="525"><subfield code="a">Has special supplemental issues for the Laporte County Fair, &lt;1912-&gt;</subfield></datafield><datafield ind1=" " ind2=" " tag="580"><subfield code="a">Also published in a daily ed. called: Rochester daily Republican.</subfield></datafield><datafield ind1=" " ind2=" " tag="588"><subfield code="a">Latest issue consulted: Vol. LXIII (December 25, 1919); U.S. Newspaper Archive (viewed May 23, 2017).</subfield></datafield><datafield ind1=" " ind2="0" tag="651"><subfield code="a">Rochester (Ind.)</subfield><subfield code="v">Newspapers.</subfield></datafield><datafield ind1=" " ind2="0" tag="651"><subfield code="a">Fulton County (Ind.)</subfield><subfield code="v">Newspapers.</subfield></datafield><datafield ind1=" " ind2="7" tag="655"><subfield code="a">Newspapers.</subfield><subfield code="2">fast</subfield><subfield code="0">(OCoLC)fst01423814</subfield></datafield><datafield ind1=" " ind2="7" tag="651"><subfield code="a">Indiana</subfield><subfield code="z">Fulton County.</subfield><subfield code="2">fast</subfield><subfield code="0">(OCoLC)fst01204173</subfield></datafield><datafield ind1=" " ind2="7" tag="651"><subfield code="a">Indiana</subfield><subfield code="z">Rochester.</subfield><subfield code="2">fast</subfield><subfield code="0">(OCoLC)fst01227015</subfield></datafield><datafield ind1=" " ind2=" " tag="752"><subfield code="a">United States</subfield><subfield code="b">Indiana</subfield><subfield code="c">Fulton</subfield><subfield code="d">Rochester.</subfield></datafield><datafield ind1="1" ind2=" " tag="775"><subfield code="t">Rochester daily Republican (Rochester, Ind. : 1886)</subfield><subfield code="w">(DLC)sn 87055120</subfield><subfield code="w">(OCoLC)15112345</subfield></datafield><datafield ind1="0" ind2="0" tag="780"><subfield code="t">Rochester Republican (Rochester, Ind. : 1900)</subfield><subfield code="w">(DLC)sn 87055099</subfield><subfield code="w">(OCoLC)15112524</subfield></datafield><datafield ind1="4" ind2="1" tag="856"><subfield code="u">https://access.newspaperarchive.com/us/indiana/rochester/rochester-republican/</subfield></datafield></record>